<record><leader>00000cas a2200000 a 4500</leader><controlfield tag="001">21245135</controlfield><controlfield tag="008">900320d18971960iludn ne      0    0eng c</controlfield><datafield ind1=" " ind2=" " tag="010"><subfield code="a">sn 90054888 </subfield></datafield><datafield ind1=" " ind2=" " tag="040"><subfield code="a">NVF</subfield><subfield code="b">eng</subfield><subfield code="c">NVF</subfield><subfield code="d">OCLCQ</subfield><subfield code="d">NVF</subfield><subfield code="d">OCLCF</subfield><subfield code="d">OCLCO</subfield></datafield><datafield ind1=" " ind2=" " tag="042"><subfield code="a">pcc</subfield></datafield><datafield ind1=" " ind2=" " tag="043"><subfield code="a">n-us-il</subfield></datafield><datafield ind1="0" ind2=" " tag="130"><subfield code="a">Charleston daily courier (Charleston, Ill.)</subfield></datafield><datafield ind1="1" ind2="4" tag="245"><subfield code="a">The Charleston daily courier.</subfield></datafield><datafield ind1=" " ind2=" " tag="260"><subfield code="a">Charleston, Ill. :</subfield><subfield code="b">C.L. Lee,</subfield><subfield code="c">1897-1960.</subfield></datafield><datafield ind1=" " ind2=" " tag="300"><subfield code="a">v.</subfield></datafield><datafield ind1=" " ind2=" " tag="310"><subfield code="a">Daily (except Sunday and holidays)</subfield></datafield><datafield ind1="1" ind2=" " tag="362"><subfield code="a">Began in Oct. 1897.</subfield></datafield><datafield ind1="0" ind2=" " tag="362"><subfield code="a">-64th year, no. 297 (May 31, 1960).</subfield></datafield><datafield ind1=" " ind2=" " tag="500"><subfield code="a">Issue Sept. 18, 1908 is the Afternoon Edition.</subfield></datafield><datafield ind1=" " ind2=" " tag="588"><subfield code="a">Description based on: Vol. 4, no. 115 (Oct. 18, 1897).</subfield></datafield><datafield ind1=" " ind2="0" tag="651"><subfield code="a">Charleston (Ill.)</subfield><subfield code="v">Newspapers.</subfield></datafield><datafield ind1=" " ind2="7" tag="655"><subfield code="a">Newspapers.</subfield><subfield code="2">fast</subfield><subfield code="0">(OCoLC)fst01423814</subfield></datafield><datafield ind1=" " ind2="7" tag="651"><subfield code="a">Illinois</subfield><subfield code="z">Charleston.</subfield><subfield code="2">fast</subfield><subfield code="0">(OCoLC)fst01205861</subfield></datafield><datafield ind1=" " ind2=" " tag="752"><subfield code="a">United States</subfield><subfield code="b">Illinois</subfield><subfield code="c">Coles</subfield><subfield code="d">Charleston.</subfield></datafield><datafield ind1="0" ind2=" " tag="775"><subfield code="t">Charleston courier (Charleston, Ill. : 1863)</subfield><subfield code="w">(DLC)sn 85033475</subfield><subfield code="w">(OCoLC)11987004</subfield></datafield><datafield ind1="0" ind2=" " tag="775"><subfield code="t">Charleston weekly courier (Charleston, Ill.)</subfield><subfield code="w">(DLC)sn 90054900</subfield><subfield code="w">(OCoLC)21244992</subfield></datafield><datafield ind1="0" ind2="0" tag="780"><subfield code="t">Daily courier (Charleston, Ill.)</subfield><subfield code="w">(DLC)sn 90054887</subfield><subfield code="w">(OCoLC)21244623</subfield></datafield><datafield ind1="0" ind2="0" tag="785"><subfield code="t">Charleston courier-news</subfield><subfield code="w">(DLC)sn 90054889</subfield><subfield code="w">(OCoLC)20982365</subfield></datafield></record>